@article{guo2025deepseek,
  title={Deepseek-r1: Incentivizing reasoning capability in llms via reinforcement learning},
  author={Guo, Daya and Yang, Dejian and Zhang, Haowei and Song, Junxiao and Zhang, Ruoyu and Xu, Runxin and Zhu, Qihao and Ma, Shirong and Wang, Peiyi and Bi, Xiao and others},
  journal={arXiv preprint arXiv:2501.12948},
  year={2025}
}

@article{yang2024qwen2,
  title={Qwen2. 5 technical report},
  author={Yang, An and Yang, Baosong and Zhang, Beichen and Hui, Binyuan and Zheng, Bo and Yu, Bowen and Li, Chengyuan and Liu, Dayiheng and Huang, Fei and Wei, Haoran and others},
  journal={arXiv preprint arXiv:2412.15115},
  year={2024}
}

@article{shao2024deepseekmath,
  title={Deepseekmath: Pushing the limits of mathematical reasoning in open language models},
  author={Shao, Zhihong and Wang, Peiyi and Zhu, Qihao and Xu, Runxin and Song, Junxiao and Bi, Xiao and Zhang, Haowei and Zhang, Mingchuan and Li, YK and Wu, Y and others},
  journal={arXiv preprint arXiv:2402.03300},
  year={2024}
}

@article{seed2025seed,
  title={Seed-thinking-v1. 5: Advancing superb reasoning models with reinforcement learning},
  author={Seed, ByteDance and Yuan, Yufeng and Yue, Yu and Wang, Mingxuan and Zuo, Xiaochen and Chen, Jiaze and Yan, Lin and Xu, Wenyuan and Zhang, Chi and Liu, Xin and others},
  journal={arXiv preprint arXiv:2504.13914},
  year={2025}
}

@article{schulman2017proximal,
  title={Proximal policy optimization algorithms},
  author={Schulman, John and Wolski, Filip and Dhariwal, Prafulla and Radford, Alec and Klimov, Oleg},
  journal={arXiv preprint arXiv:1707.06347},
  year={2017}
}
@article{rafailov2023direct,
  title={Direct preference optimization: Your language model is secretly a reward model},
  author={Rafailov, Rafael and Sharma, Archit and Mitchell, Eric and Manning, Christopher D and Ermon, Stefano and Finn, Chelsea},
  journal={Advances in Neural Information Processing Systems},
  volume={36},
  pages={53728--53741},
  year={2023}
}

@misc{tinyzero,
author       = {Jiayi Pan and Junjie Zhang and Xingyao Wang and Lifan Yuan and Hao Peng and Alane Suhr},
title        = {TinyZero},
howpublished = {https://github.com/Jiayi-Pan/TinyZero},
note         = {Accessed: 2025-01-24},
year         = {2025}
}

@article{zeng2025simplerl,
  title={Simplerl-zoo: Investigating and taming zero reinforcement learning for open base models in the wild},
  author={Zeng, Weihao and Huang, Yuzhen and Liu, Qian and Liu, Wei and He, Keqing and Ma, Zejun and He, Junxian},
  journal={arXiv preprint arXiv:2503.18892},
  year={2025}
}

@article{huang2023lawyer,
  title={Lawyer llama technical report},
  author={Huang, Quzhe and Tao, Mingxu and Zhang, Chen and An, Zhenwei and Jiang, Cong and Chen, Zhibin and Wu, Zirui and Feng, Yansong},
  journal={arXiv preprint arXiv:2305.15062},
  year={2023}
}

@article{cui2023chatlaw,
  title={Chatlaw: Open-source legal large language model with integrated external knowledge bases},
  author={Cui, Jiaxi and Li, Zongjian and Yan, Yang and Chen, Bohua and Yuan, Li},
  journal={CoRR},
  year={2023}
}

@article{zhou2024lawgpt,
  title={Lawgpt: A chinese legal knowledge-enhanced large language model},
  author={Zhou, Zhi and Shi, Jiang-Xin and Song, Peng-Xiao and Yang, Xiao-Wen and Jin, Yi-Xuan and Guo, Lan-Zhe and Li, Yu-Feng},
  journal={arXiv preprint arXiv:2406.04614},
  year={2024}
}

@inproceedings{zhong2020jec,
  title={JEC-QA: a legal-domain question answering dataset},
  author={Zhong, Haoxi and Xiao, Chaojun and Tu, Cunchao and Zhang, Tianyang and Liu, Zhiyuan and Sun, Maosong},
  booktitle={Proceedings of the AAAI conference on artificial intelligence},
  volume={34},
  number={05},
  pages={9701--9708},
  year={2020}
}

@article{yu2025dapo,
  title={Dapo: An open-source llm reinforcement learning system at scale},
  author={Yu, Qiying and Zhang, Zheng and Zhu, Ruofei and Yuan, Yufeng and Zuo, Xiaochen and Yue, Yu and Fan, Tiantian and Liu, Gaohong and Liu, Lingjun and Liu, Xin and others},
  journal={arXiv preprint arXiv:2503.14476},
  year={2025}
}

@article{liu2025understanding,
  title={Understanding r1-zero-like training: A critical perspective},
  author={Liu, Zichen and Chen, Changyu and Li, Wenjun and Qi, Penghui and Pang, Tianyu and Du, Chao and Lee, Wee Sun and Lin, Min},
  journal={arXiv preprint arXiv:2503.20783},
  year={2025}
}

@article{el2025competitive,
  title={Competitive programming with large reasoning models},
  author={El-Kishky, Ahmed and Wei, Alexander and Saraiva, Andre and Minaiev, Borys and Selsam, Daniel and Dohan, David and Song, Francis and Lightman, Hunter and Clavera, Ignasi and Pachocki, Jakub and others},
  journal={arXiv preprint arXiv:2502.06807},
  year={2025}
}

@article{xie2025logic,
  title={Logic-rl: Unleashing llm reasoning with rule-based reinforcement learning},
  author={Xie, Tian and Gao, Zitian and Ren, Qingnan and Luo, Haoming and Hong, Yuqian and Dai, Bryan and Zhou, Joey and Qiu, Kai and Wu, Zhirong and Luo, Chong},
  journal={arXiv preprint arXiv:2502.14768},
  year={2025}
}
